<?xml version="1.0" encoding="utf-8"?>
<record xmlns="http://www.loc.gov/MARC21/slim" xmlns:xsi="http://www.w3.org/2001/XMLSchema-instance" xsi:schemaLocation="http://www.loc.gov/MARC21/slim http://www.loc.gov/standards/marcxml/schema/MARC21slim.xsd">
	<leader>     nam a22     Mi 4500</leader>
	<controlfield tag="001">2579856</controlfield>
	<controlfield tag="003">NjP</controlfield>
	<controlfield tag="006">m        d        </controlfield>
	<controlfield tag="007">cr cn |||m|||a</controlfield>
	<controlfield tag="008">210322s1903    ua af   o     000 0 ara d</controlfield>
	<datafield ind1=" " ind2=" " tag="040">
		<subfield code="a">ZYU</subfield>
		<subfield code="b">ara</subfield>
		<subfield code="e">rda</subfield>
		<subfield code="c">ZYU</subfield>
	</datafield>
	<datafield ind1="1" ind2=" " tag="100">
		<subfield code="6">880-01</subfield>
		<subfield code="a">Juraydīnī, Iskandar,</subfield>
		<subfield code="c">Bik.</subfield>
	</datafield>
	<datafield ind1="1" ind2="0" tag="245">
		<subfield code="6">880-02</subfield>
		<subfield code="a">Tadbīr al-aṭfāl fī al-ṣaḥah wa al-maraḍ :</subfield>
		<subfield code="b">wa huwa kitāb yashtamil ʻlá ashal al-ṭuruq wa aḥdathā li-tadbīr al-aṭfāl wa al-aḥdāth fī al-ṣaḥah wa mudawātum fī al-maraḍ, wa muzayan bisatat wa khamsīn rasman minhā 11 rasmā  ʻlá ṣafaha kāmilah  = The management of infancy and childhood in health and in disease /</subfield>
		<subfield code="c">Iskandar Juraydīnī Bik.</subfield>
	</datafield>
	<datafield ind1=" " ind2=" " tag="260">
		<subfield code="6">880-03</subfield>
		<subfield code="a">[al-Qāhirah] :</subfield>
		<subfield code="b">Maṭbaʻat al-Fajjālah,</subfield>
		<subfield code="c">[1903]</subfield>
	</datafield>
	<datafield ind1=" " ind2=" " tag="300">
		<subfield code="a">online resource (268 pages) :</subfield>
		<subfield code="b">illustrations, plates</subfield>
	</datafield>
	<datafield ind1=" " ind2=" " tag="336">
		<subfield code="a">text</subfield>
		<subfield code="2">rdacontent</subfield>
	</datafield>
	<datafield ind1=" " ind2=" " tag="337">
		<subfield code="a">computer</subfield>
		<subfield code="2">rdamedia</subfield>
	</datafield>
	<datafield ind1=" " ind2=" " tag="338">
		<subfield code="a">online resource</subfield>
		<subfield code="2">rdacarrier</subfield>
	</datafield>
	<datafield ind1=" " ind2=" " tag="500">
		<subfield code="a">Part of the Arabic Collections Online (ACO) project, contributed by Princeton University Libraries.</subfield>
	</datafield>
	<datafield ind1=" " ind2=" " tag="533">
		<subfield code="a">Electronic reproduction.</subfield>
		<subfield code="b">New York, N.Y. :</subfield>
		<subfield code="c">New York University,</subfield>
		<subfield code="d">2021.</subfield>
		<subfield code="5">NNU</subfield>
	</datafield>
	<datafield ind1=" " ind2=" " tag="546">
		<subfield code="a">Text in Arabic.</subfield>
	</datafield>
	<datafield ind1="2" ind2=" " tag="710">
		<subfield code="a">Princeton University.</subfield>
		<subfield code="b">Library.</subfield>
	</datafield>
	<datafield ind1="0" ind2=" " tag="730">
		<subfield code="a">Arabic Collections Online.</subfield>
	</datafield>
	<datafield ind1="0" ind2="8" tag="776">
		<subfield code="i">Online version:</subfield>
		<subfield code="a">Juraydīnī, Iskandar, Bik.</subfield>
		<subfield code="t">Tadbīr al-aṭfāl .</subfield>
		<subfield code="d">[Cairo, 1903]</subfield>
		<subfield code="w">(OCoLC)656774727</subfield>
	</datafield>
	<datafield ind1="0" ind2="8" tag="776">
		<subfield code="i">Print version:</subfield>
		<subfield code="a">Juraydīnī, Iskandar, Bik.</subfield>
		<subfield code="t">Tadbīr al-aṭfāl fī al-ṣaḥah wa al-maraḍ</subfield>
		<subfield code="w">(NjP)2579856</subfield>
		<subfield code="w">(OCoLC)41973315</subfield>
	</datafield>
	<datafield ind1="4" ind2="0" tag="856">
		<subfield code="u">http://hdl.handle.net/2333.1/jsxksz57</subfield>
	</datafield>
	<datafield ind1="1" ind2=" " tag="880">
		<subfield code="6">100-01</subfield>
		<subfield code="a">جريديني، اسكندر،</subfield>
		<subfield code="c">بك.</subfield>
	</datafield>
	<datafield ind1="1" ind2="0" tag="880">
		<subfield code="6">245-02</subfield>
		<subfield code="a">تدبير الاطفال في الصحة و المرض :</subfield>
		<subfield code="b">و هو كتاب يشتمل على اسهل الطرق و احدثها لتدبير الاطفال و الاحداث في الصحة و مدواتم في المرض، و مزين بستة و خمسين رسماً منها 11 رسماً  على صفحة كاملة  = The management of infancy and childhood in health and in disease /</subfield>
		<subfield code="c">اسكندر جريديني بك.</subfield>
	</datafield>
	<datafield ind1=" " ind2=" " tag="880">
		<subfield code="6">260-03</subfield>
		<subfield code="a">[القاهرة] :</subfield>
		<subfield code="b">مطبعة الفجالة،</subfield>
		<subfield code="c">[1903]</subfield>
	</datafield>
	<datafield ind1=" " ind2=" " tag="959">
		<subfield code="a">NNU</subfield>
		<subfield code="b">WEB</subfield>
		<subfield code="c">GENI</subfield>
		<subfield code="t">0</subfield>
		<subfield code="m">Electronic access</subfield>
		<subfield code="s">01</subfield>
	</datafield>
	<datafield ind1=" " ind2=" " tag="999">
		<subfield code="i">NjP_2579856</subfield>
		<subfield code="o">(OCoLC)ocm41973315</subfield>
		<subfield code="s">princeton_aco004817:</subfield>
		<subfield code="e">(ERROR-MISC)</subfield>
		<subfield code="s">princeton_aco004817:</subfield>
	</datafield>
</record>
